<marc:record xmlns:marc="http://www.loc.gov/MARC21/slim" xmlns:xsi="http://www.w3.org/2001/XMLSchema-instance" xsi:schemaLocation="http://www.loc.gov/MARC21/slim http://www.loc.gov/standards/marcxml/schema/MARC21slim.xsd">
  <marc:leader>     cam a2200361 a 4500</marc:leader>
  <marc:controlfield tag="001">001686826</marc:controlfield>
  <marc:controlfield tag="003">NNU</marc:controlfield>
  <marc:controlfield tag="005">20061010173340.0</marc:controlfield>
  <marc:controlfield tag="008">000905s1926    ae       b    000 0 ara d</marc:controlfield>
  <marc:datafield tag="010" ind1=" " ind2=" ">
    <marc:subfield code="a">73200295</marc:subfield>
  </marc:datafield>
  <marc:datafield tag="035" ind1="9" ind2=" ">
    <marc:subfield code="a">NYUb12230273</marc:subfield>
  </marc:datafield>
  <marc:datafield tag="035" ind1=" " ind2=" ">
    <marc:subfield code="a">(NNU)NYUb12230273</marc:subfield>
  </marc:datafield>
  <marc:datafield tag="040" ind1=" " ind2=" ">
    <marc:subfield code="d">CStRLIN</marc:subfield>
    <marc:subfield code="d">UaCaAUL</marc:subfield>
  </marc:datafield>
  <marc:datafield tag="066" ind1=" " ind2=" ">
    <marc:subfield code="c">(3</marc:subfield>
  </marc:datafield>
  <marc:datafield tag="090" ind1=" " ind2=" ">
    <marc:subfield code="a">PJ7696.U7</marc:subfield>
    <marc:subfield code="b">A6 1926</marc:subfield>
  </marc:datafield>
  <marc:datafield tag="100" ind1="0" ind2=" ">
    <marc:subfield code="a">ʻUrwah ibn al-Ward,</marc:subfield>
    <marc:subfield code="d">6th cent.</marc:subfield>
    <marc:subfield code="6">01</marc:subfield>
  </marc:datafield>
  <marc:datafield tag="100" ind1="0" ind2=" ">
    <marc:subfield code="6">01</marc:subfield>
    <marc:subfield code="a">عروة بن الورد،</marc:subfield>
    <marc:subfield code="d">cent th6.</marc:subfield>
  </marc:datafield>
  <marc:datafield tag="245" ind1="1" ind2="0">
    <marc:subfield code="6">02</marc:subfield>
    <marc:subfield code="a">Sharḥ Dīwān ʻUrwah ibn al-Ward al-ʻAbsī /</marc:subfield>
    <marc:subfield code="c">li-Abī Yūsuf Yaʻqūb ibn Isḥāq al-Sikkīt ; iʻtaná bi-taṣḥīḥihi Ibn Abī Shanab. Wa-yalīhi jumlah mimmā lam yudhkar min shiʻrihi fī hādhā al-sharḥ.</marc:subfield>
  </marc:datafield>
  <marc:datafield tag="245" ind1="1" ind2="0">
    <marc:subfield code="6">02</marc:subfield>
    <marc:subfield code="a">شرح ديوان عروة بن الورد العبسي /</marc:subfield>
    <marc:subfield code="c">لأبي يوسف اسحاق السكيت ؛ اعتنى بتصحيحه ابن أبي شنب. ويليه جملة مما لم يذكر من شعرة في هذا الشرح.</marc:subfield>
  </marc:datafield>
  <marc:datafield tag="246" ind1="3" ind2=" ">
    <marc:subfield code="a">ʻOrwa ben el-Ward, dîwân accompagné du commentaire d'Ibn es Sikkît</marc:subfield>
  </marc:datafield>
  <marc:datafield tag="260" ind1=" " ind2=" ">
    <marc:subfield code="6">03</marc:subfield>
    <marc:subfield code="a">[Algiers :</marc:subfield>
    <marc:subfield code="b">Maṭbaʻat Jūl Karbūnil,</marc:subfield>
    <marc:subfield code="c">1926]</marc:subfield>
  </marc:datafield>
  <marc:datafield tag="260" ind1=" " ind2=" ">
    <marc:subfield code="6">03</marc:subfield>
    <marc:subfield code="a">[الجزائر :</marc:subfield>
    <marc:subfield code="b">مطبعة جول كربونل،</marc:subfield>
    <marc:subfield code="c">1926]</marc:subfield>
  </marc:datafield>
  <marc:datafield tag="300" ind1=" " ind2=" ">
    <marc:subfield code="a">250 p. ;</marc:subfield>
    <marc:subfield code="c">19 cm.</marc:subfield>
  </marc:datafield>
  <marc:datafield tag="490" ind1="1" ind2=" ">
    <marc:subfield code="6">04</marc:subfield>
    <marc:subfield code="a">Khazānat al-kutub al-ʻArabīyah</marc:subfield>
  </marc:datafield>
  <marc:datafield tag="490" ind1="1" ind2=" ">
    <marc:subfield code="6">04</marc:subfield>
    <marc:subfield code="a">خزانة الكتب العربية</marc:subfield>
  </marc:datafield>
  <marc:datafield tag="500" ind1=" " ind2=" ">
    <marc:subfield code="a">At head of title: Fuḥūl al-ʻArab fī ʻilm al-adab.</marc:subfield>
  </marc:datafield>
  <marc:datafield tag="504" ind1=" " ind2=" ">
    <marc:subfield code="a">Includes bibliographical references and indexes.</marc:subfield>
  </marc:datafield>
  <marc:datafield tag="500" ind1=" " ind2=" ">
    <marc:subfield code="a">Added t.p.: ʻOrwa ben el-Ward : Dīwān, accompagué du commentaire d'Ibn es-Sikkīt.</marc:subfield>
  </marc:datafield>
  <marc:datafield tag="700" ind1="0" ind2=" ">
    <marc:subfield code="a">Ibn al-Sikkīt,</marc:subfield>
    <marc:subfield code="d">d. 857 or 8</marc:subfield>
    <marc:subfield code="6">05</marc:subfield>
  </marc:datafield>
  <marc:datafield tag="700" ind1="1" ind2=" ">
    <marc:subfield code="6">06</marc:subfield>
    <marc:subfield code="a">Ibn Abī Shanab, Muḥammad.</marc:subfield>
  </marc:datafield>
  <marc:datafield tag="700" ind1="0" ind2=" ">
    <marc:subfield code="6">05</marc:subfield>
    <marc:subfield code="a">ابن السكيت،</marc:subfield>
    <marc:subfield code="d">8 or 857 .d.</marc:subfield>
  </marc:datafield>
  <marc:datafield tag="700" ind1="1" ind2=" ">
    <marc:subfield code="6">06</marc:subfield>
    <marc:subfield code="a">ابن أبي شنب، محمد.</marc:subfield>
  </marc:datafield>
  <marc:datafield tag="830" ind1=" " ind2="0">
    <marc:subfield code="a">Maktabah al-ʻArabīyah (Cairo, Egypt)</marc:subfield>
  </marc:datafield>
  <marc:datafield tag="998" ind1=" " ind2=" ">
    <marc:subfield code="a">20010429</marc:subfield>
    <marc:subfield code="d">20010429</marc:subfield>
    <marc:subfield code="d">20020618</marc:subfield>
    <marc:subfield code="n">NNU</marc:subfield>
    <marc:subfield code="s">6</marc:subfield>
    <marc:subfield code="t">c</marc:subfield>
    <marc:subfield code="z">p</marc:subfield>
  </marc:datafield>
</marc:record>
